@article{li2012finite,
  title={Finite Difference Methods for Fractional Differential Equations},
  author={Li, Changpin and Zeng, Fanhai},
  journal={International Journal of Bifurcation and Chaos},
  volume={22},
  number={4},
  pages={1230014},
  year={2012},
  publisher={World Scientific}
}
@electronic{aburn2019fodeint,
  author = {Matthew J. Aburn},
  title = {fodeint: Numerical integration of fractional ordinary differential equations},
  year = {2019},
  publisher = {GitHub},
  journal = {GitHub repository},
  howpublished = {\url{https://github.com/mattja/fodeint}},
  commit = {d4f06a1}
}
@article{LIU2024106124,
title = {Event-triggered hybrid impulsive control for synchronization of fractional-order multilayer signed networks under cyber attacks},
journal = {Neural Networks},
volume = {172},
pages = {106124},
year = {2024},
issn = {0893-6080},
url = {https://www.sciencedirect.com/science/article/pii/S0893608024000406},
author = {Xin Liu and Lili Chen and Yanfeng Zhao and Honglin Li},
keywords = {Hybrid impulsive control, Event-triggered control, Fractional-order signed networks, Exponential bipartite synchronization, Zeno behavior},
}
@book{podlubny1999fractional,
  title={Fractional Differential Equations: An Introduction to Fractional Derivatives, Fractional Differential Equations, to Methods of Their Solution and Some of Their Applications},
  author={Podlubny, Igor},
  year={1999},
  publisher={Academic Press},
  address={San Diego, CA},
  isbn={9780125588409}
}
